<?xml version="1.0" encoding="UTF-8"?><collection xmlns="http://www.loc.gov/MARC21/slim"><record><leader>00462nam--2200133-i-4500</leader><controlfield tag="001">000029865</controlfield><controlfield tag="002">20161230</controlfield><controlfield tag="005">20161230201037</controlfield><controlfield tag="008">060222s1000------------r-----000-0-eng-d</controlfield><datafield ind1=" " ind2=" " tag="080"><subfield code="a">538.3:538.6:530.145:015</subfield></datafield><datafield ind1=" " ind2=" " tag="100"><subfield code="a">Lalor, Sean Eamon</subfield></datafield><datafield ind1=" " ind2=" " tag="245"><subfield code="a">The angular spectrum representation of electromagnetic fields and its use in the treatment of interaction problems. thesis</subfield></datafield><datafield ind1=" " ind2=" " tag="260"><subfield code="a">Ann Arbor, Michigan, University Microfilms, 1970. Xiii + 203p</subfield></datafield><datafield ind1=" " ind2=" " tag="852"><subfield code="a">37086</subfield></datafield></record></collection>